<record><leader>00000cas a2200000 a 4500</leader><controlfield tag="001">13640707</controlfield><controlfield tag="008">860523d19031958scuwr ne      0    0eng d</controlfield><datafield ind1=" " ind2=" " tag="010"><subfield code="a">sn 86063777 </subfield></datafield><datafield ind1=" " ind2=" " tag="040"><subfield code="a">KSH</subfield><subfield code="b">eng</subfield><subfield code="c">KSH</subfield><subfield code="d">NPT</subfield><subfield code="d">SVN</subfield><subfield code="d">OCL</subfield><subfield code="d">OCLCQ</subfield></datafield><datafield ind1=" " ind2=" " tag="042"><subfield code="a">msc</subfield></datafield><datafield ind1="0" ind2=" " tag="130"><subfield code="a">Field (Conway, S.C.)</subfield></datafield><datafield ind1="1" ind2="4" tag="245"><subfield code="a">The field.</subfield></datafield><datafield ind1=" " ind2=" " tag="260"><subfield code="a">Conway, S.C. :</subfield><subfield code="b">Horry Pub. Co.</subfield></datafield><datafield ind1=" " ind2=" " tag="300"><subfield code="a">v. :</subfield><subfield code="b">ill. ;</subfield><subfield code="c">55 cm.</subfield></datafield><datafield ind1=" " ind2=" " tag="310"><subfield code="a">Weekly,</subfield><subfield code="b">July 11, 1957 - Apr. 16, 1958</subfield></datafield><datafield ind1=" " ind2=" " tag="321"><subfield code="a">Weekly,</subfield><subfield code="b">&lt;Apr. 17, 1913&gt; - July 15, 1954</subfield></datafield><datafield ind1=" " ind2=" " tag="321"><subfield code="a">Semiweekly,</subfield><subfield code="b">July 19, 1954 - July 4, 1957</subfield></datafield><datafield ind1="1" ind2=" " tag="362"><subfield code="a">Began in 1903.</subfield><subfield code="z">Cf. Ayer, 1925.</subfield></datafield><datafield ind1="0" ind2=" " tag="362"><subfield code="a">-v. 58, no. 16 (Apr. 16, 1958).</subfield></datafield><datafield ind1=" " ind2=" " tag="588"><subfield code="a">Description based on: Vol. 10, no. 17 (Apr. 17, 1913).</subfield></datafield><datafield ind1=" " ind2="4" tag="651"><subfield code="a">Horry County (S.C.)</subfield><subfield code="v">Newspapers.</subfield></datafield><datafield ind1=" " ind2=" " tag="752"><subfield code="a">United States</subfield><subfield code="b">South Carolina</subfield><subfield code="c">Horry</subfield><subfield code="d">Conway.</subfield></datafield><datafield ind1="0" ind2="0" tag="785"><subfield code="t">Conway field</subfield><subfield code="w">(DLC)sn 92065688</subfield></datafield><datafield ind1="1" ind2=" " tag="029"><subfield code="a">AU@</subfield><subfield code="b">000022168947</subfield></datafield></record>